
@inproceedings{michael_simple_1996,
	address = {New York, {NY}, {USA}},
	series = {{PODC} '96},
	title = {Simple, fast, and practical non-blocking and blocking concurrent queue algorithms},
	isbn = {0-89791-800-2},
	url = {http://doi.acm.org/10.1145/248052.248106},
	doi = {10.1145/248052.248106},
	urldate = {2012-11-26},
	booktitle = {Proceedings of the fifteenth annual {ACM} symposium on Principles of distributed computing},
	publisher = {{ACM}},
	author = {Michael, Maged M. and Scott, Michael L.},
	year = {1996},
	keywords = {compare\_and\_swap, concurrent queue, lock-free, multiprogramming, non-blocking},
	pages = {267–275},
	file = {ACM Full Text PDF:/home/fbier/.mozilla/firefox/xpznoxaz.default/zotero/storage/UM77ZPMA/Michael and Scott - 1996 - Simple, fast, and practical non-blocking and block.pdf:application/pdf}
},

@inproceedings{groves_verifying_2008,
	address = {Darlinghurst, Australia, Australia},
	series = {{CATS} '08},
	title = {Verifying Michael and Scott's lock-free queue algorithm using trace reduction},
	isbn = {978-1-920682-58-3},
	url = {http://dl.acm.org/citation.cfm?id=1379361.1379385},
	urldate = {2012-11-30},
	booktitle = {Proceedings of the fourteenth symposium on Computing: the Australasian theory - Volume 77},
	publisher = {Australian Computer Society, Inc.},
	author = {Groves, Lindsay},
	year = {2008},
	keywords = {concurrency, linearisability, lock-free, reduction, verification},
	pages = {133–142}
},

@article{turon_logical_2012,
	title = {Logical relations for fine-grained concurrency},
	url = {http://www.it-c.dk/people/birkedal/papers/relcon-conf.pdf},
	urldate = {2012-12-02},
	journal = {Submitted for publication},
	author = {Turon, A. and Thamsborg, J. and Ahmed, A. and Birkedal, L. and Dreyer, D.},
	year = {2012},
	file = {relcon-conf.pdf:/home/fbier/.mozilla/firefox/xpznoxaz.default/zotero/storage/GVTAH4QX/relcon-conf.pdf:application/pdf}
}