
@inproceedings{michael_simple_1996,
	address = {New York, {NY}, {USA}},
	series = {{PODC} '96},
	title = {Simple, fast, and practical non-blocking and blocking concurrent queue algorithms},
	isbn = {0-89791-800-2},
	url = {http://doi.acm.org/10.1145/248052.248106},
	doi = {10.1145/248052.248106},
	urldate = {2012-11-26},
	booktitle = {Proceedings of the fifteenth annual {ACM} symposium on Principles of distributed computing},
	publisher = {{ACM}},
	author = {Michael, Maged M. and Scott, Michael L.},
	year = {1996},
	keywords = {compare\_and\_swap, concurrent queue, lock-free, multiprogramming, non-blocking},
	pages = {267â€“275},
	file = {ACM Full Text PDF:/home/fbier/.mozilla/firefox/xpznoxaz.default/zotero/storage/UM77ZPMA/Michael and Scott - 1996 - Simple, fast, and practical non-blocking and block.pdf:application/pdf}
}